

@article{cross:1972,
  title={Prediction of flowering dates in maize based on different methods of estimating thermal units},
  author={Cross, H. & Zuber, M. },
  journal={Agronomy Journal},
  volume={64},
  number={},
  pages={351--355},
  year={1972},
  publisher={American Society of Agronomy}
}

@article{yin:1995,
  title={A nonlinear model for crop development as a function of temperature},
  author={Yin, X. and Kropff, M.J. and McLaren, G. and Visperas, R.M.},
  journal={Agricultural and Forest Meteorology},
  volume={77},
  number={},
  pages={1--16},
  year={1995},
  publisher={Elsevier}
}

@article{cutforth:1990,
  title={A temperature response function for corn development},
  author={Cutforth, H.W. and Shaykewich, C.F.},
  journal={Agricultural and Forest Meteorology},
  volume={50},
  number={},
  pages={159--171},
  year={1990},
  publisher={Elsevier}
}

@article{bonhomme:1994,
  title={Flowering of diverse maize cultivars in relation to temperature and photoperiod in multilocation field trials},
  author={Bonhomme, R. and Derieux, M. and Edmeades, G.O.},
  journal={Crop Science},
  volume={34},
  number={1},
  pages={156--164},
  year={1994},
  publisher={ACSESS}
}

@article{wang:1998,
  title={Simulation of phenological development of wheat crops},
  author={Wang, E. and Engel, T.},
  journal={Agricultural Systems},
  volume={58},
  number={},
  pages={1--24},
  year={1998},
  publisher={Elsevier}
}

@article{coelho:1980,
  title={An energy-crop growth variable and temperature function for predicting corn growth and development: planting to silking},
  author={Coelho, D.T. and Dale, R.F.},
  journal={Agronomy Journal},
  volume={72},
  number={},
  pages={503--510},
  year={1980},
  publisher={American Society of Agronomy}
}

@article{daughtry:1984,
  title={Estimating silking and maturity dates of corn for large areas},
  author={Daughtry, C.S.T.; Cochran, J.C.; Hollinger, S.E. },
  journal={Agronomy Journal},
  volume={76},
  number={},
  pages={415--420},
  year={1984},
  publisher={American Society of Agronomy}
}   

@article{yan:1999,
  title={An Equation for Modelling the Temperature Response of Plants using only the Cardinal Temperatures},
  author={Yan, W. and, Hunt, L.A.},
  journal={Annals of Botany},
  volume={84},
  number={5},
  pages={607--614},
  year={1999},
  publisher={Oxford University Press}
}

@article{streck:2007,
  title={Simulating maize phenology as a function of air temperature with a linear and a nonlinear model},
  author={Streck, N.A. and Lago, I. and Gabriel, L.F. and Samboranha, F.K.},
  journal={Pesquisa Agropecuária Brasileira},
  volume={43},
  number={},
  pages={449--455},
  year={2007},
  publisher={Embrapa Informação Tecnológica}
}

@article{roberts:2012,
  title={Agronomic weather measures in econometric models of crop yield with implications for climate change},
  author={Roberts, M.J., Schlenker, W. and Eyer, J.},
  journal={American Journal of Agricultural Economics},
  volume={95},
  number={2},
  pages={236--243},
  year={2012},
  publisher={Oxford University Press}
}

@article{lobell:2013,
  title={The critical role of extreme heat for maize production in the United States},
  author={Lobell, D.B. and Hammer, G.L. and McLean, G. and Messina, C. and Roberts, M.J. and Schlenker, W.},
  journal={Nature Climate Change},
  volume={3},
  number={},
  pages={497--501},
  year={2013},
  publisher={Nature Publishing Group}
}

@article{lobell:2014,
  title={Greater sensitivity to drought accompanies maize yield increase in the US Midwest},
  author={Lobell, D.B. and Roberts, M.J. and Schlenker, W. and Braun, N. and Little, B.B. and Rejesus, R.M. and Hammer, G.L.},
  journal={Science},
  volume={344},
  number={6183},
  pages={516--519},
  year={2014},
  publisher={American Association for the Advancement of Science}
}

@article{carter:2016,
  title={Separating heat stress from moisture stress:analyzing yield response to high temperature in irrigated maize},
  author={Carter, E.K. and Melkonian, J. and Riha, S.J. and Shaw, S.B.},
  journal={Environmental Research Letters},
  volume={11},
  number={094012},
  pages={},
  year={2016},
  publisher={{IOP} Publishing}
}

@article{liu:2017,
  title={Simple nonlinear model for the relationship between maize yield and cumulative water amount},
  author={Liu, C. and Sun, B.C. and Tang, H.J. and Wang, T.Y. and Li, Y. and Zhang, D.F. and Xie, X.Q. and Shi, Y.S. and Song, Y.C. and Yang, X.H. and Li, J.S.},
  journal={Journal of Integrative Agriculture},
  volume={16},
  number={4},
  pages={858--866},
  year={2017},
  publisher={Elsevier}
}

@article{raes:2009,
  title={Aquacrop—the FAO crop model to simulate yield response to water: II. Main algorithms and software description},
  author={Raes, D. and Steduto, P. and Hsiao, T.C. and Fereres, E.},
  journal={Agronomy Journal},
  volume={101},
  number={0},
  pages={438--447},
  year={2009},
  publisher={American Society of Agronomy}
}
 
@article{song:2010,
  title={Analysis and Modelling of the Effects of Water Stress on Maize Growth and Yield in Dryland Conditions},
  author={Song, Y. and Birch, C. and Qu, S. and Dohert, A. and Hanan, J.},
  journal={Plant Production Science},
  volume={13},
  number={2},
  pages={199--208},
  year={2010},
  publisher={Taylor & Francis}
} 
 
@article{cakir:2004,
  title={Effect  of  water  stress  at  different  development  stages  on vegetative and reproductive growth of corn},
  author={\c{C}akir,  P.},
  journal={Field Crops Research},
  volume={89},
  number={},
  pages={1--16},
  year={2004},
  publisher={Elsevier}
} 

@article{ge:2012,
  title={Effects of water stress on growth, biomass partitioning, and water-use efficiency in summer maize (Zea mays L.) throughout the growth cycle},
  author={Ge, T. and Sui, F. and Bai, L. and Tong, C. and Sun, N.},
  journal={Acta Physiologiae Plantarum},
  volume={34},
  number={},
  pages={1043--1053},
  year={2012},
  publisher={Springer}
} 

@article{song:2019,
  title={Eﬀects of Severe Water Stress on Maize Growth Processes in the Field},
  author={Song, L. and Jin, J. and He, J.},
  journal={Sustainability},
  volume={},
  number={},
  pages={},
  year={2019},
  publisher={MDPI}
}

@article{zhou:2018,
  title={A new nonlinear method for calculating growing degree days},
  author={Zhou, G. and Wang, Q.},
  journal={Scientific Reports},
  volume={8},
  number={10149},
  pages={},
  year={2018},
  publisher={Nature Publishing Group}
}


@article{Finger:2010,
  title={Revisiting the evaluation of robust regression techniques for crop yield data detrending},
  author={Finger, Robert},
  journal={American Journal of Agricultural Economics},
  volume={92},
  number={1},
  pages={205--211},
  year={2010},
  publisher={Oxford University Press}
}

@article{Partridge:2019,
	doi = {10.1088/1748-9326/ab422b},
	year = 2019,
	month = {oct},
	publisher = {{IOP} Publishing},
	volume = {14},
	number = {11},
	pages = {114008},
	author = {Trevor F Partridge and Jonathan M Winter and Lin Liu and Anthony D Kendall and Bruno Basso and David W Hyndman},
	title = {Mid-20th century warming hole boosts {US} maize yields},
	journal = {Environmental Research Letters}
}

%Second submission

@article{Gelman:2019,
  title={R-squared for Bayesian regression models},
  author={Gelman, Andrew and Goodrich, Ben and Gabry, Jonah and Vehtari, Aki},
  journal={The American Statistician},
  pages={1--7},
  year={2019},
  publisher={Taylor \& Francis}
}

@article{Seo:2008,
  title={An analysis of crop choice: Adapting to climate change in South American farms},
  author={Seo, S Niggol and Mendelsohn, Robert},
  journal={Ecological economics},
  volume={67},
  number={1},
  pages={109--116},
  year={2008},
  publisher={Elsevier}
}

@article{Schlenker:2013,
  title={US maize adaptability},
  author={Schlenker, Wolfram and Roberts, Michael J and Lobell, David B},
  journal={Nature Climate Change},
  volume={3},
  number={8},
  pages={690},
  year={2013},
  publisher={Nature Publishing Group}
}

@article{Schlenker:2010,
  title={Robust negative impacts of climate change on African agriculture},
  author={Schlenker, Wolfram and Lobell, David B},
  journal={Environmental Research Letters},
  volume={5},
  number={1},
  pages={014010},
  year={2010},
  publisher={IOP Publishing}
}

@article{Dalhaus:2018,
  title={Phenology information contributes to reduce temporal basis risk in agricultural weather index insurance},
  author={Dalhaus, Tobias and Musshoff, Oliver and Finger, Robert},
  journal={Scientific reports},
  volume={8},
  number={1},
  pages={46},
  year={2018},
  publisher={Nature Publishing Group}
}

@article{Carter:2018,
author = {Carter, Colin and Cui, Xiaomeng and Ghanem, Dalia and M\'{e}rel, Pierre},
title = {Identifying the Economic Impacts of Climate Change on Agriculture},
journal = {Annual Review of Resource Economics},
volume = {10},
number = {1},
pages = {361-380},
year = {2018},
doi = {10.1146/annurev-resource-100517-022938},
URL = { https://doi.org/10.1146/annurev-resource-100517-022938},
eprint = { https://doi.org/10.1146/annurev-resource-100517-022938}
}

@article{Challinor:2014,
author = {Challinor, A. and Watson, J., and Lobell, D. and Howden, S. and Smith, D. and Chhetri, N.},
title = {A meta-analysis of crop yield under climate change and adaptation},
journal = {Nature Climate Change},
volume = {4},
number = {},
pages = {287–291},
year = {2014},
publisher={Nature Publishing Group}
}

@article{Leakey:2009,
author = {Leakey, A.D.B.},
title = {Rising atmospheric carbon dioxide concentration and the future of C4 crops for food and fuel},
journal = {Proc. Biol. Sci.},
volume = {276},
number = {},
pages = {2333},
year = {2009},
doi = {doi:10.1098/rspb.2008.1517 pmid:19324804},
publisher={The Royal Society Publishing}
}


@inbook{ipcc2:2013,
   author = {IPCC},
   title = {Annex I: Atlas of Global and Regional Climate Projections },
   booktitle = {Climate Change 2013: The Physical Science Basis. Contribution of Working Group I to the Fifth Assessment Report of the Intergovernmental Panel on Climate Change},
   editor = {Stocker, T.F. and Qin, D. and Plattner, G.-K. and Tignor, M. and Allen, S.K. and Boschung, J. and Nauels, A. and Xia, Y. and Bex, V. and Midgley, P.M.},
   publisher = {Cambridge University Press},
   address = {Cambridge, United Kingdom and New York, NY, USA},
   chapter = {AI},
   pages = {1311–1394},
   ISBN = {ISBN 978-1-107-66182-0},
   DOI = {10.1017/CBO9781107415324.029},
   url = {www.climatechange2013.org},
   year = {2013},
   type = {Book Section}
}



%%%FIRST SUBMISSION


@article{Harris:2014,
  title={Updated high-resolution grids of monthly climatic observations--the CRU TS3. 10 Dataset},
  author={Harris, IPDJ and Jones, Philip D and Osborn, Timothy J and Lister, David H},
  journal={International journal of climatology},
  volume={34},
  number={3},
  pages={623--642},
  year={2014},
  publisher={Wiley Online Library}
}

@article{Schneider:2014,
  title={GPCC's new land surface precipitation climatology based on quality-controlled in situ data and its role in quantifying the global water cycle},
  author={Schneider, Udo and Becker, Andreas and Finger, Peter and Meyer-Christoffer, Anja and Ziese, Markus and Rudolf, Bruno},
  journal={Theoretical and Applied Climatology},
  volume={115},
  number={1-2},
  pages={15--40},
  year={2014},
  publisher={Springer}
}

@article{Weedon:2014,
  title={The WFDEI meteorological forcing data set: WATCH Forcing Data methodology applied to ERA-Interim reanalysis data},
  author={Weedon, Graham P and Balsamo, Gianpaolo and Bellouin, Nicolas and Gomes, Sandra and Best, Martin J and Viterbo, Pedro},
  journal={Water Resources Research},
  volume={50},
  number={9},
  pages={7505--7514},
  year={2014},
  publisher={Wiley Online Library}
}

@article{Portmann:2010,
  title={MIRCA2000—Global monthly irrigated and rainfed crop areas around the year 2000: A new high-resolution data set for agricultural and hydrological modeling},
  author={Portmann, Felix T and Siebert, Stefan and D{\"o}ll, Petra},
  journal={Global Biogeochemical Cycles},
  volume={24},
  number={1},
  year={2010},
  publisher={Wiley Online Library}
}

@article{usgcrp:2017,
  title={Climate Science Special Report: Fourth National Climate Assessment, Volume I},
  author={USGCRP},
  year={2017},
  publisher={U.S. Global Change Research Program, Washington, DC, USA},
  doi = {10.7930/J0J964J6},
}

@article{Gornall:2010,
  title={Implications of climate change for agricultural productivity in the early twenty-first century},
  author={Gornall, J. and Betts, R. and Burke, E. and Clark, R. and Camp, J. and Willett, K. and Wiltshire, A},
  journal={Philosophical Transactions of the Royal Society B: Biological Sciences},
  volume={365},
  number={1554},
  year={2010},
  publisher={Royal Society}
}

@article{Hurley:2016,
author = {Hurley, P. D. and Oliver, S. and Betancourt, M. and Clarke, C. and Cowley, W. I. and Duivenvoorden, S. and Farrah, D. and Griffin, M. and Lacey, C. and Le Floc'h, E. and Papadopoulos, A. and Sargent, M. and Scudder, J. M. and Vaccari, M. and Valtchanov, I. and Wang, L.},
title = {HELP: xid+, the probabilistic de-blender for Herschel SPIRE maps},
journal = {Monthly Notices of the Royal Astronomical Society},
volume = {464},
number = {1},
pages = {885-896},
year = {2017},
doi = {10.1093/mnras/stw2375},
URL = { + http://dx.doi.org/10.1093/mnras/stw2375},
eprint = {/oup/backfile/content_public/journal/mnras/464/1/10.1093_mnras_stw2375/4/stw2375.pdf}
}

@inproceedings{you:2017,
  author = {You, Jiaxuan and Li, Xiaocheng and Low, Melvin and Lobell, David and Ermon, Stefano},
  title={Deep Gaussian Process for Crop Yield Prediction Based on Remote Sensing Data.},
  booktitle={Thirty-First AAAI Conference on Artificial Intelligence},
  pages={4559--4566},
  year={2017}
}

@article{sanchez:2014,
  title={Temperatures and the growth and development of maize and rice: a review},
  author={S{\'a}nchez, Berta and Rasmussen, Anton and Porter, John R},
  journal={Global change biology},
  volume={20},
  number={2},
  pages={408--417},
  year={2014},
  publisher={Wiley Online Library}
}

@article{ray:2015,
  title={Climate variation explains a third of global crop yield variability},
  author={Ray, Deepak and Gerber, James and MacDonald, Graham and West, Paul},
  journal={Nature Communications},
  volume={6},
  number={},
  pages={},
  year={2015},
  publisher={}
}

@article{kent:2017,
  title={Using climate model simulations to assess the current climate risk to maize production},
  author={Kent, Chris and Pope, Edward and Thompson, Vikki and Lewis, Kirsty and Scaife, Adam and Dunstone, Nick},
  journal={Environmental Research Letters},
  volume={12},
  number={5},
  pages={},
  year={2017},
  publisher={IOP Publishing}
}

@article{siebert:2017,
  title={Weather impacts on crop yields - searching for simple answers to a complex problem},
  author={Siebert, Stefan and Webber, Heidi and Rezaei, Ehsan Eyshi},
  journal={Environmental Research Letters},
  volume={12},
  number={8},
  pages={},
  year={2017},
  publisher={IOP Publishing}
}

@article{hatfield:2015,
  title={Temperature extremes: Effect on plant growth and development},
  author={Hatfield, Jerry and Prueger, John},
  journal={Weather and Climate Extremes},
  volume={10},
  number={A},
  pages={4-10},
  year={2015},
  publisher={Elsevier}
}

@article{hatfield:2011,
  title={Climate impacts on agriculture: implications for crop production},
  author={Hatfield, J. and Boote, K. and Kimball, B. and Ziska, L. and Izaurralde, R. and Ort, D. and Thomson, A. and Wolfe, D.},
  journal={Agronomy Journal},
  volume={103},
  number={},
  pages={351-370},
  year={2011},
  publisher={American Society of Agronomy}
}

@article{roberts:2017,
  title={Comparing and combining process-based crop models and statistical models with some implications for climate change},
  author={Roberts, Michael and Braun, Noah and Sinclair, Thomas and Lobell, David and Schlenker, Wolfram},
  journal={Environmental Research Letters},
  volume={12},
  number={9},
  pages={},
  year={2017},
  publisher={IOP Publishing}
}

@article{mistry:2017,
  title={Simulated vs. empirical weather responsiveness of crop yields: US evidence and implications for the agricultural impacts of climate change},
  author={Mistry, Malcolm and, Wing, Ian and De Cian, Enrica},
  journal={Environmental Research Letters},
  volume={12},
  number={7},
  pages={},
  year={2017},
  publisher={IOP Publishing}
}

@article{lobell:2010,
  title={On the use of statistical models to predict crop yield responses to climate change},
  author={Lobell, David and Burke, Marshall},
  journal={Agricultural and Forest Meteorology},
  volume={150},
  number={11},
  pages={},
  year={2017},
  publisher={Elsevier}
}

@article{welch:2010,
  title={Rice yields in tropical/subtropical Asia exhibit large but opposing sensitivities to minimum and maximum temperatures},
  author={Welch, J. and Vincent, J. and Auffhammer, M. and Moya, P. and Dobermann, A. and Dawe, D.},
  journal={Proceedings of National Academy of Sciences},
  volume={107},
  number={33},
  pages={14562-14567},
  year={2010},
  publisher={}
}

@article{snyder:2018,
  title={A crop yield change emulator for use in GCAM and similar models:Persephone v1.0},
  author={Snyder, Abigail and Calvin, Katherine and Phillips, Meridel and Ruane, Alex},
  journal={Geosci. Model Dev. Discuss. submitted},
  volume={},
  number={},
  pages={},
  year={2018},
  publisher={}
}

@article{urban:2015,
  title={The impacts of future climate and carbon dioxide changes on the average and
variability of US maize yields under two emission scenarios},
  author={Urban Daniel, Sheffield, Justin and Lobell, David},
  journal={Environmental Research Letters},
  volume={10},
  number={4},
  pages={},
  year={2015},
  publisher={IOP Publishing}
}

@article{lobell:2017,
  title={Comparing  estimates  of  climate  change  impacts  from  process-based  and  statistical  crop  models},
  author={Lobell, David and Asseng, Senthold},
  journal={Environmental Research Letters},
  volume={12},
  number={},
  pages={},
  year={2017},
  publisher={IOP Publishing}
}

@article{bassu:2014,
  title={How do various maize crop models vary in their responses to climate change factors?},
  author={Bassu, Simona and et al},
  journal={Global Change Biology},
  volume={20},
  number={7},
  pages={},
  year={2014},
  publisher={Wiley Online Library}
}


@article{hawkins:2013,
  title={Increasing influence of heat stress on French maize yields from the 1960s to the 2030s},
  author={Hawkins, E. and Fricker, T. and Challinor, A. and Ferro C. and Ho, C. and Osborne, T.},
  journal={Global Change Biology},
  volume={19},
  number={3},
  pages={},
  year={2013},
  publisher={Wiley Online Library}
}

@article{schlenker:2009,
  title={Nonlinear temperature effects indicate severe damages to U.S. crop yields under climate change},
  author={Schlenker, W. and Roberts, M.},
  journal={Proceedings of the National Academy of Sciences of the United States of America},
  volume={106},
  number={37},
  pages={},
  year={2009},
  publisher={}
}

@article{tigchelaar:2018,
  title={Future warming increases probability of globally synchronized maize production shocks},
  author={Tigchelaar, Michelle and Battisti, David and Naylor, Rosamond and Ray, Deepak},
  journal={Proceedings of the National Academy of Sciences of the United States of America},
  volume={},
  number={},
  pages={},
  year={2018},
  publisher={}
}

@article{korres:2016,
  title={Cultivars to face climate change effects on crops and weeds: a review},
  author={Korres, Nicholas and Norsworthy, Jason and Tehranchian, Parsa and Gitsopoulos, Thomas and Loka, Dimitra and Oosterhuis, Derrick and Gealy, David and Moss, Stephen and Burgos, Nilda and Miller, Ryan and Palhano, Matheus},
  journal={Agronomy for Sustainable Development},
  volume={36},
  number={12},
  pages={},
  year={2016},
  publisher={Springer-Verlag}
}

@article{gilbert:2010,
  title={Food price volatility},
  author={Gilbert, G. and Morgan, C.},
  journal={Philosophical Transactions of the Royal Society B},
  volume={365},
  number={},
  pages={3023–34},
  year={2010},
  publisher={The Royal Society}
}

@article{fao:2011,
  title={The State of Food Insecurity: How Does International Price Volatility Affect Domestic Economies and Food Security? (Rome: Food and Agriculture Organization of the United Nations)},
  author={FAO},
  journal={Food and Agriculture Organization of the United Nations},
  volume={},
  number={},
  pages={},
  year={2011},
  publisher={}
}

@article{porter:2014,
  title={Climate Change 2014: Impacts, Adaptation, and Vulnerability. Part A: Global and Sectoral Aspects. Contribution of Working Group II to the Fifth Assessment Report of the Intergovernmental Panel on Climate Change ed C B Field},
  author={Porter, J. R. and Xie, L. and Challinor, A. and Cochrane, K. and Howden, S. and Iqbal, M. and Lobell, D. and Travasso, M.},
  journal={},
  volume={},
  number={},
  pages={485-533},
  year={2014},
  publisher={Cambridge: Cambridge University Press)}
}


@article{carpenter:2017,
title={Stan: A probabilistic programming language},
author={Carpenter, Bob and Gelman, Andrew and Hoffman, Matthew D and Lee, Daniel and Goodrich, Ben and Betancourt, Michael and Brubaker, Marcus and Guo, Jiqiang and Li, Peter and Riddell, Allen},
journal={Journal of statistical software},
volume={76},
number={1},
year={2017},
publisher={Columbia Univ., New York, NY (United States); Harvard Univ., Cambridge, MA (United States)}
}


@article{fao:2002,
title={The State of Food Insecurity in the World 2001},
author={FAO},
journal={Food and Agriculture Organization of the United Nations},
volume={},
number={},
year={2002},
publisher={Rome}
}

@article{faostat:2016,
title={FAOSTAT Database Collections (Rome: Food and Agriculture Organization of the United Nations) (Accessed: January 2016)},
author={FAO},
journal={Food and Agriculture Organization of the United Nations},
volume={},
number={},
year={2016},
publisher={Rome}
}

@misc{standev:2018,
title = {{RStan}: the {R} interface to {Stan}},
author = {{Stan Development Team}},
note = {R package version 2.17.3},
year = {2018},
url = {http://mc-stan.org/},
}

@misc{standev2:2018,
title = {{The Stan Core Library}},
author = {{Stan Development Team}},
note = {Version 2.18.0},
year = {2018},
url = {http://mc-stan.org/},
}

@book{rasmussen:2005,
author = {Rasmussen, Carl Edward and Williams, Christopher K. I.},
title = {Gaussian Processes for Machine Learning (Adaptive Computation and Machine Learning)},
year = {2005},
isbn = {026218253X},
publisher = {The MIT Press},
} 

@article{iizumi:2018,
title = {Global crop yield forecasting using seasonal climate information from a multi-model ensemble},
author = {Toshichika Iizumi and Yonghee Shin and Wonsik Kim and Moosup Kim and Jaewon Choi},
journal = {Climate Services},
volume = {11},
pages = {13 - 23},
year = {2018},
issn = {2405-8807},
url = {http://www.sciencedirect.com/science/article/pii/S2405880717301346}
}

@article{ostberg:2018,
title = {Changes in crop yields and their variability at different levels of global warming},
author = {Sebastian Ostberg and Jacob Schewe and Katelin Childers and Katja Frieler},
journal = {Earth System Dynamics},
volume = {9},
pages = {479 - 496},
year = {2018},
issn = {},
url = {https://www.earth-syst-dynam.net/9/479/2018/esd-9-479-2018.pdf}
}

@article{Zafeiriou:2018,
title = {Agricultural Commodities and Crude Oil Prices: An Empirical Investigation of Their Relationship},
author = {Eleni Zafeiriou and Garyfallos Arabatzis and Paraskevi Karanikola and Stilianos Tampakis and Stavros Tsiantikoudis},
journal = {Sustainability},
volume = {10},
pages = {1199},
year = {2018},
issn = {},
url = {}
}

